
      <record>
         <leader>00000nz  a2200169   4500</leader>
         <controlfield tag="001">30076572</controlfield>
         <controlfield tag="003">RISM</controlfield>
         <controlfield tag="005">20160216</controlfield>
         <controlfield tag="008">160216n||az|||||||##########||||||||||||</controlfield>
         <datafield tag="040" ind1=" " ind2=" ">
            <subfield code="a">MEX-Gcm</subfield>
         </datafield>
         <datafield tag="043" ind1=" " ind2=" ">
            <subfield code="c">XD-MX</subfield>
         </datafield>
         <datafield tag="110" ind1="2" ind2=" ">
            <subfield code="a">Catedral Metropolitana, Archivo</subfield>
            <subfield code="c">Guadalajara</subfield>
            <subfield code="g">MEX-Gcm</subfield>
         </datafield>
         <datafield tag="622" ind1=" " ind2=" ">
            <subfield code="e">Catedral Metropolitana, Archivo, Av. Alcalde #10, 44100 Guadalajara (Jalisco)</subfield>
         </datafield>
      </record>