
      <record>
         <leader>00000nz  a2200169   4500</leader>
         <controlfield tag="001">30080538</controlfield>
         <controlfield tag="003">RISM</controlfield>
         <controlfield tag="005">20160216</controlfield>
         <controlfield tag="008">160216n||az|||||||##########||||||||||||</controlfield>
         <datafield tag="040" ind1=" " ind2=" ">
            <subfield code="a">MEX-Magn</subfield>
         </datafield>
         <datafield tag="043" ind1=" " ind2=" ">
            <subfield code="c">XD-MX</subfield>
         </datafield>
         <datafield tag="110" ind1="2" ind2=" ">
            <subfield code="a">Archivo General de la Nación</subfield>
            <subfield code="c">Ciudad de México</subfield>
            <subfield code="g">MEX-Magn</subfield>
         </datafield>
         <datafield tag="622" ind1=" " ind2=" ">
            <subfield code="e">Archivo General de la Nación, col. Penitenciaría, deleg. Venustiano,  Carranza, Eduardo Molina 113 (entrada por Héroe de,  Nacozari), C.P. 15280 Ciudad de México, Mexico</subfield>
            <subfield code="u">http://www.agn.gob.mx/</subfield>
         </datafield>
      </record>