
      <record>
         <leader>00000nz  a2200169   4500</leader>
         <controlfield tag="001">30080295</controlfield>
         <controlfield tag="003">RISM</controlfield>
         <controlfield tag="005">20160216</controlfield>
         <controlfield tag="008">160216n||az|||||||##########||||||||||||</controlfield>
         <datafield tag="040" ind1=" " ind2=" ">
            <subfield code="a">MEX-Mahn</subfield>
         </datafield>
         <datafield tag="043" ind1=" " ind2=" ">
            <subfield code="c">MX</subfield>
         </datafield>
         <datafield tag="110" ind1="2" ind2=" ">
            <subfield code="a">Archivo Histórico José María Basagoiti Noriega del Colegio de San Ignacio de Loyola Vizcaínas</subfield>
            <subfield code="c">Ciudad de México</subfield>
            <subfield code="g">MEX-Mahn</subfield>
         </datafield>
         <datafield tag="410" ind1="2" ind2=" ">
            <subfield code="a">Acervo musical</subfield>
         </datafield>
         <datafield tag="622" ind1=" " ind2=" ">
            <subfield code="e">Archivo Histórico José María Basagoiti,  Noriega del Colegio de San Ignacio de,  Loyola Vizcaínas, Calle Vizcaínas núm. 21, Col. Centro, 06080 Ciudad de México, Mexico</subfield>
            <subfield code="u">https://sites.google.com/site/sepepadi/archivo-de-las-vizcainas</subfield>
         </datafield>
      </record>