
      <record>
         <leader>00000nz  a2200169   4500</leader>
         <controlfield tag="001">30080536</controlfield>
         <controlfield tag="003">RISM</controlfield>
         <controlfield tag="005">20160216</controlfield>
         <controlfield tag="008">160216n||az|||||||##########||||||||||||</controlfield>
         <datafield tag="040" ind1=" " ind2=" ">
            <subfield code="a">MEX-Mcn</subfield>
         </datafield>
         <datafield tag="043" ind1=" " ind2=" ">
            <subfield code="c">XD-MX</subfield>
         </datafield>
         <datafield tag="110" ind1="2" ind2=" ">
            <subfield code="a">Centro Nacional de Investigación, Documentación e Información Musical "Carlos Chávez" (CENIDIM)</subfield>
            <subfield code="c">Ciudad de México</subfield>
            <subfield code="g">MEX-Mcn</subfield>
         </datafield>
         <datafield tag="410" ind1="2" ind2=" ">
            <subfield code="a">Archivo Histórico</subfield>
         </datafield>
         <datafield tag="622" ind1=" " ind2=" ">
            <subfield code="e">Centro Nacional de Investigación,,  Documentación e Información Musical,  "Carlos Chávez" (CENIDIM), Centro Nacional de las Artes, 7º piso de,  la Torre de investigación, Río Churubusco 79, Col. Country Club,,  Coyoacán, 04220 Ciudad de México, Mexico</subfield>
            <subfield code="u">http://www.cenidim.bellasartes.gob.mx/</subfield>
         </datafield>
      </record>