
      <record>
         <leader>00000nz  a2200169   4500</leader>
         <controlfield tag="001">30080432</controlfield>
         <controlfield tag="003">RISM</controlfield>
         <controlfield tag="005">20160216</controlfield>
         <controlfield tag="008">160216n||az|||||||##########||||||||||||</controlfield>
         <datafield tag="040" ind1=" " ind2=" ">
            <subfield code="a">MEX-Mcnm</subfield>
         </datafield>
         <datafield tag="043" ind1=" " ind2=" ">
            <subfield code="c">MX</subfield>
         </datafield>
         <datafield tag="110" ind1="2" ind2=" ">
            <subfield code="a">Fondo Reservado del Conservatorio Nacional de Música</subfield>
            <subfield code="c">Ciudad de México</subfield>
            <subfield code="g">MEX-Mcnm</subfield>
         </datafield>
         <datafield tag="622" ind1=" " ind2=" ">
            <subfield code="e">Fondo Reservado del Conservatorio,  Nacional de Música, Delegación Miguel Hidalgo, Av. Presidente Masaryk Núm. 582, Col.,  Polanco, C.P. 11560, Ciudad de México, Mexico</subfield>
            <subfield code="u">http://www.conservatorio.bellasartes.gob.mx/</subfield>
         </datafield>
      </record>