
      <record>
         <leader>00000nz  a2200169   4500</leader>
         <controlfield tag="001">30080537</controlfield>
         <controlfield tag="003">RISM</controlfield>
         <controlfield tag="005">20160216</controlfield>
         <controlfield tag="008">160216n||az|||||||##########||||||||||||</controlfield>
         <datafield tag="040" ind1=" " ind2=" ">
            <subfield code="a">MEX-Mfóster</subfield>
         </datafield>
         <datafield tag="043" ind1=" " ind2=" ">
            <subfield code="c">XD-MX</subfield>
         </datafield>
         <datafield tag="110" ind1="2" ind2=" ">
            <subfield code="a">Archivo Gerónimo Baqueiro Fóster</subfield>
            <subfield code="c">Ciudad de México</subfield>
            <subfield code="g">MEX-Mfóster</subfield>
         </datafield>
         <datafield tag="580" ind1=" " ind2=" ">
            <subfield code="x">MEX-Mcn</subfield>
            <subfield code="0">30080536</subfield>
         </datafield>
      </record>