
      <record>
         <leader>00000nz  a2200169   4500</leader>
         <controlfield tag="001">30006144</controlfield>
         <controlfield tag="003">RISM</controlfield>
         <controlfield tag="005">20160216</controlfield>
         <controlfield tag="008">160216n||az|||||||##########||||||||||||</controlfield>
         <datafield tag="040" ind1=" " ind2=" ">
            <subfield code="a">MEX-Mmc</subfield>
         </datafield>
         <datafield tag="043" ind1=" " ind2=" ">
            <subfield code="c">XD-MX</subfield>
         </datafield>
         <datafield tag="110" ind1="2" ind2=" ">
            <subfield code="a">Museo Colonial del Carmen, D. F. San Ángel</subfield>
            <subfield code="c">Ciudad de México</subfield>
            <subfield code="g">MEX-Mmc</subfield>
         </datafield>
      </record>