
      <record>
         <leader>00000nz  a2200169   4500</leader>
         <controlfield tag="001">30076569</controlfield>
         <controlfield tag="003">RISM</controlfield>
         <controlfield tag="005">20160216</controlfield>
         <controlfield tag="008">160216n||az|||||||##########||||||||||||</controlfield>
         <datafield tag="040" ind1=" " ind2=" ">
            <subfield code="a">MEX-Mnah</subfield>
         </datafield>
         <datafield tag="043" ind1=" " ind2=" ">
            <subfield code="c">XD-MX</subfield>
         </datafield>
         <datafield tag="110" ind1="2" ind2=" ">
            <subfield code="a">Biblioteca Nacional de Antropología e Historia</subfield>
            <subfield code="c">Ciudad de México</subfield>
            <subfield code="g">MEX-Mnah</subfield>
         </datafield>
         <datafield tag="622" ind1=" " ind2=" ">
            <subfield code="e">Biblioteca Nacional de Antropología e, Historia, Av. Paseo de la Reforma y Calz. Gandhi, s/n, Col. Polanco, C.P. 11560, Ciudad de México</subfield>
            <subfield code="u">http://www.gobiernodigital.inah.gob.mx</subfield>
         </datafield>
      </record>