
      <record>
         <leader>00000nz  a2200169   4500</leader>
         <controlfield tag="001">30076574</controlfield>
         <controlfield tag="003">RISM</controlfield>
         <controlfield tag="005">20160216</controlfield>
         <controlfield tag="008">160216n||az|||||||##########||||||||||||</controlfield>
         <datafield tag="040" ind1=" " ind2=" ">
            <subfield code="a">MEX-MOc</subfield>
         </datafield>
         <datafield tag="043" ind1=" " ind2=" ">
            <subfield code="c">XD-MX</subfield>
         </datafield>
         <datafield tag="110" ind1="2" ind2=" ">
            <subfield code="a">Archivo Capitular del Cabildo Catedral de Morelia</subfield>
            <subfield code="c">Morelia</subfield>
            <subfield code="g">MEX-MOc</subfield>
         </datafield>
         <datafield tag="622" ind1=" " ind2=" ">
            <subfield code="e">Archivo Capitular del Cabildo Catedral, de Morelia, Plaza de Armas, Centro Histórico, 58000 Morelia (Michoacán)</subfield>
         </datafield>
      </record>