
      <record>
         <leader>00000nz  a2200169   4500</leader>
         <controlfield tag="001">30080539</controlfield>
         <controlfield tag="003">RISM</controlfield>
         <controlfield tag="005">20160216</controlfield>
         <controlfield tag="008">160216n||az|||||||##########||||||||||||</controlfield>
         <datafield tag="040" ind1=" " ind2=" ">
            <subfield code="a">MEX-MOcm</subfield>
         </datafield>
         <datafield tag="043" ind1=" " ind2=" ">
            <subfield code="c">XD-MX</subfield>
         </datafield>
         <datafield tag="110" ind1="2" ind2=" ">
            <subfield code="a">Centro Mexicano para la Música y las Artes Sonoras (CMMAS)</subfield>
            <subfield code="c">Morelia</subfield>
            <subfield code="g">MEX-MOcm</subfield>
         </datafield>
         <datafield tag="622" ind1=" " ind2=" ">
            <subfield code="e">Centro Mexicano para la Música y las,  Artes Sonoras (CMMAS), Casa de la Cultura, planta alta Morelos Norte No. 485, C.P. 58000 Morelia (Michoacán), Mexico</subfield>
            <subfield code="u">http://www.cmmas.org/index.php</subfield>
         </datafield>
      </record>