
      <record>
         <leader>00000nz  a2200169   4500</leader>
         <controlfield tag="001">30076575</controlfield>
         <controlfield tag="003">RISM</controlfield>
         <controlfield tag="005">20160216</controlfield>
         <controlfield tag="008">160216n||az|||||||##########||||||||||||</controlfield>
         <datafield tag="040" ind1=" " ind2=" ">
            <subfield code="a">MEX-MOcr</subfield>
         </datafield>
         <datafield tag="043" ind1=" " ind2=" ">
            <subfield code="c">XD-MX</subfield>
         </datafield>
         <datafield tag="110" ind1="2" ind2=" ">
            <subfield code="a">Conservatorio de las Rosas</subfield>
            <subfield code="c">Morelia</subfield>
            <subfield code="g">MEX-MOcr</subfield>
         </datafield>
         <datafield tag="410" ind1="2" ind2=" ">
            <subfield code="a">Archivo Histórico</subfield>
         </datafield>
         <datafield tag="410" ind1="2" ind2=" ">
            <subfield code="a">Archivo Musical del Colegio de Santa Rosa de Santa María</subfield>
         </datafield>
         <datafield tag="622" ind1=" " ind2=" ">
            <subfield code="e">Conservatorio de las Rosas, Centro Histórico, Calle de Santiago Tapia No. 334, 58000 Morelia (Michoacán), Mexico</subfield>
            <subfield code="u">http://www.conservatoriodelasrosas.edu.mx/</subfield>
         </datafield>
      </record>