
      <record>
         <leader>00000nz  a2200169   4500</leader>
         <controlfield tag="001">30076568</controlfield>
         <controlfield tag="003">RISM</controlfield>
         <controlfield tag="005">20160216</controlfield>
         <controlfield tag="008">160216n||az|||||||##########||||||||||||</controlfield>
         <datafield tag="040" ind1=" " ind2=" ">
            <subfield code="a">MEX-Mrc</subfield>
         </datafield>
         <datafield tag="043" ind1=" " ind2=" ">
            <subfield code="c">XD-MX</subfield>
         </datafield>
         <datafield tag="110" ind1="2" ind2=" ">
            <subfield code="a">Real Colegiata de Santa María de Guadalupe, Archivo</subfield>
            <subfield code="c">Ciudad de México</subfield>
            <subfield code="g">MEX-Mrc</subfield>
         </datafield>
         <datafield tag="622" ind1=" " ind2=" ">
            <subfield code="e">Real Colegiata de Santa María de, Guadalupe, Plaza de las Américas, Núm. 1, Ciudad de México</subfield>
         </datafield>
      </record>