
      <record>
         <leader>00000nz  a2200169   4500</leader>
         <controlfield tag="001">30076577</controlfield>
         <controlfield tag="003">RISM</controlfield>
         <controlfield tag="005">20160216</controlfield>
         <controlfield tag="008">160216n||az|||||||##########||||||||||||</controlfield>
         <datafield tag="040" ind1=" " ind2=" ">
            <subfield code="a">MEX-Oc</subfield>
         </datafield>
         <datafield tag="043" ind1=" " ind2=" ">
            <subfield code="c">XD-MX</subfield>
         </datafield>
         <datafield tag="110" ind1="2" ind2=" ">
            <subfield code="a">Archivo Histórico de la Arquidiócesis de Antequera Oaxaca</subfield>
            <subfield code="c">Oaxaca de Juárez</subfield>
            <subfield code="g">MEX-Oc</subfield>
         </datafield>
         <datafield tag="410" ind1="2" ind2=" ">
            <subfield code="a">Catedral, Archivo Histórico de la Mitra</subfield>
         </datafield>
         <datafield tag="622" ind1=" " ind2=" ">
            <subfield code="e">Archivo Histórico de la Arquidiócesis de,  Antequera Oaxaca, Colonia Centro Junto a Catedral, Independencia, 700, 68000 Oaxaca de Juárez, Mexico</subfield>
         </datafield>
      </record>