
      <record>
         <leader>00000nz  a2200169   4500</leader>
         <controlfield tag="001">30005681</controlfield>
         <controlfield tag="003">RISM</controlfield>
         <controlfield tag="005">20160216</controlfield>
         <controlfield tag="008">160216n||az|||||||##########||||||||||||</controlfield>
         <datafield tag="040" ind1=" " ind2=" ">
            <subfield code="a">MEX-Pc</subfield>
         </datafield>
         <datafield tag="043" ind1=" " ind2=" ">
            <subfield code="c">XD-MX</subfield>
         </datafield>
         <datafield tag="110" ind1="2" ind2=" ">
            <subfield code="a">Catedral, Archivo de Música Sacra</subfield>
            <subfield code="c">Puebla</subfield>
            <subfield code="g">MEX-Pc</subfield>
         </datafield>
         <datafield tag="622" ind1=" " ind2=" ">
            <subfield code="e">Catedral, Archivo de Música Sacra, MEX-Puebla</subfield>
         </datafield>
      </record>