
      <record>
         <leader>00000nz  a2200169   4500</leader>
         <controlfield tag="001">30076576</controlfield>
         <controlfield tag="003">RISM</controlfield>
         <controlfield tag="005">20160216</controlfield>
         <controlfield tag="008">160216n||az|||||||##########||||||||||||</controlfield>
         <datafield tag="040" ind1=" " ind2=" ">
            <subfield code="a">MEX-SCah</subfield>
         </datafield>
         <datafield tag="043" ind1=" " ind2=" ">
            <subfield code="c">XD-MX</subfield>
         </datafield>
         <datafield tag="110" ind1="2" ind2=" ">
            <subfield code="a">Archivo Histórico Diocesano de la Catedral de San Cristóbal de Las Casas</subfield>
            <subfield code="c">San Cristóbal de las Casas, Chiapas</subfield>
            <subfield code="g">MEX-SCah</subfield>
         </datafield>
         <datafield tag="622" ind1=" " ind2=" ">
            <subfield code="e">Archivo Histórico Diocesano de la, Catedral, 29200 San Cristóbal de las Casas,, Chiapas, Mexico</subfield>
         </datafield>
      </record>