
      <record>
         <leader>00000nz  a2200169   4500</leader>
         <controlfield tag="001">30077537</controlfield>
         <controlfield tag="003">RISM</controlfield>
         <controlfield tag="005">20160216</controlfield>
         <controlfield tag="008">160216n||az|||||||##########||||||||||||</controlfield>
         <datafield tag="040" ind1=" " ind2=" ">
            <subfield code="a">MEX-SCHamp</subfield>
         </datafield>
         <datafield tag="043" ind1=" " ind2=" ">
            <subfield code="c">MX</subfield>
         </datafield>
         <datafield tag="110" ind1="2" ind2=" ">
            <subfield code="a">Archivo Musical de la Parroquia</subfield>
            <subfield code="c">Santiago Chazumba, Oaxaca</subfield>
            <subfield code="g">MEX-SCHamp</subfield>
         </datafield>
         <datafield tag="622" ind1=" " ind2=" ">
            <subfield code="e">Archivo Musical de la Parroquia, Col. Centro, Hidalgo No. 1, C.P. 69010 Santiago Chazumba, Oaxaca, Mexico</subfield>
         </datafield>
      </record>