
      <record>
         <leader>00000nz  a2200169   4500</leader>
         <controlfield tag="001">30077052</controlfield>
         <controlfield tag="003">RISM</controlfield>
         <controlfield tag="005">20160216</controlfield>
         <controlfield tag="008">160216n||az|||||||##########||||||||||||</controlfield>
         <datafield tag="040" ind1=" " ind2=" ">
            <subfield code="a">MEX-Taha</subfield>
         </datafield>
         <datafield tag="043" ind1=" " ind2=" ">
            <subfield code="c">XD-MX</subfield>
         </datafield>
         <datafield tag="110" ind1="2" ind2=" ">
            <subfield code="a">Arzobispado de Tulancingo - Archivo Histórico de la Arquidiócesis</subfield>
            <subfield code="c">Tulancingo, Hidalgo</subfield>
            <subfield code="g">MEX-Taha</subfield>
         </datafield>
         <datafield tag="580" ind1=" " ind2=" ">
            <subfield code="x">MEX-Tahc</subfield>
            <subfield code="0">30077053</subfield>
         </datafield>
      </record>