
      <record>
         <leader>00000nz  a2200169   4500</leader>
         <controlfield tag="001">30077053</controlfield>
         <controlfield tag="003">RISM</controlfield>
         <controlfield tag="005">20160216</controlfield>
         <controlfield tag="008">160216n||az|||||||##########||||||||||||</controlfield>
         <datafield tag="040" ind1=" " ind2=" ">
            <subfield code="a">MEX-Tahc</subfield>
         </datafield>
         <datafield tag="043" ind1=" " ind2=" ">
            <subfield code="c">XD-MX</subfield>
         </datafield>
         <datafield tag="110" ind1="2" ind2=" ">
            <subfield code="a">Archivo Histórico de la Parroquia del Sagrario</subfield>
            <subfield code="c">Tulancingo, Hidalgo</subfield>
            <subfield code="g">MEX-Tahc</subfield>
         </datafield>
         <datafield tag="410" ind1="2" ind2=" ">
            <subfield code="a">Catedral de San Juan Bautista - Archivo Histórico de la Catedral</subfield>
         </datafield>
         <datafield tag="622" ind1=" " ind2=" ">
            <subfield code="e">Archivo Histórico de la Parroquia del, Sagrario, Plaza de la Constitucion s/n Col. Centro, C.P. 43600 Tulancingo, Hidalgo, Mexico</subfield>
            <subfield code="u">http://www.catedraltulancingo.org</subfield>
         </datafield>
      </record>