
      <record>
         <leader>00000nz  a2200169   4500</leader>
         <controlfield tag="001">30076578</controlfield>
         <controlfield tag="003">RISM</controlfield>
         <controlfield tag="005">20160216</controlfield>
         <controlfield tag="008">160216n||az|||||||##########||||||||||||</controlfield>
         <datafield tag="040" ind1=" " ind2=" ">
            <subfield code="a">MEX-Tmn</subfield>
         </datafield>
         <datafield tag="043" ind1=" " ind2=" ">
            <subfield code="c">XD-MX</subfield>
         </datafield>
         <datafield tag="110" ind1="2" ind2=" ">
            <subfield code="a">Museo Nacional del Virreinato</subfield>
            <subfield code="c">Tepotzotlán (Estado de México)</subfield>
            <subfield code="g">MEX-Tmn</subfield>
         </datafield>
         <datafield tag="622" ind1=" " ind2=" ">
            <subfield code="e">Museo Nacional del Virreinato, Plaza Hidalgo 9, Tepotzotlán (Estado de México)</subfield>
         </datafield>
      </record>
   </collection>
 
